@online{mikrotomografia,
  author    = {unknown},
  title     = {Mikrotomografia - Wikipedia, wolna encyklopedia},
  url       = {https://pl.wikipedia.org/wiki/Mikrotomografia},
}

@online{przyspieszenie_ziemskie,
  author    = {unknown},
  title     = {Przyspieszenie ziemskie - Wikipedia, wolna encyklopedia},
  url       = {https://pl.wikipedia.org/wiki/Przyspieszenie_ziemskie},
}
